@misc{stackups,
shorthand={Stackups},
title = {{Amazon Lex vs. Dialogflow}},
url = {https://stackshare.io/stackups/amazon-lex-vs-dialogflow}}
}
@book{Hutchison1973,
abstract = {2.1 C-semirings and Their Properties 2.2 Constraint Systems and Problems$\backslash$n2.3 Instances of the Framework 2.3.1 Classical CSPs 2.3.2 Fuzzy CSPs$\backslash$n(FCSPs) 2.3.3 Probabilistic CSPs (Prob-CSPs) 2.3.4 Weighted CSPs$\backslash$n2.3.5 Egalitarianism and Utilitarianism 2.3.6 Set-Based CSPs 2.3.7$\backslash$nValued Constraint Problems 2.3.8 N-dimensional C-semirings 2.4 Conclusions},
author = {Rudall, B.H.},
booktitle = {International Journal of Bio-Medical Computing},
doi = {10.1016/0020-7101(78)90038-7},
file = {:C$\backslash$:/Users/arne/Downloads/2010{\_}Book{\_}FundamentalsOfSoftwareEngineer.pdf:pdf},
isbn = {9783540465591},
issn = {00207101},
number = {3},
pages = {242},
title = {{Lecture notes in computer science. Vol. 15â€”L-systems}},
url = {https://linkinghub.elsevier.com/retrieve/pii/0020710178900387},
volume = {9},
year = {1978}
}
